<record><leader>00000cas a22000007a 4500</leader><controlfield tag="001">14814629</controlfield><controlfield tag="008">861121d18601861wiuwr ne      0    0eng  </controlfield><datafield ind1=" " ind2=" " tag="010"><subfield code="a">sn 86072136 </subfield></datafield><datafield ind1=" " ind2=" " tag="040"><subfield code="a">DLC</subfield><subfield code="b">eng</subfield><subfield code="c">DLC</subfield><subfield code="d">OCLCQ</subfield></datafield><datafield ind1=" " ind2=" " tag="042"><subfield code="a">msc</subfield></datafield><datafield ind1="0" ind2="0" tag="050"><subfield code="a">Newspaper 10216-X</subfield></datafield><datafield ind1="0" ind2="4" tag="245"><subfield code="a">The St. Croixian.</subfield></datafield><datafield ind1="3" ind2="0" tag="246"><subfield code="a">Saint Croixian</subfield></datafield><datafield ind1=" " ind2=" " tag="260"><subfield code="a">St. Croix [i.e. St. Croix Falls] Wis. :</subfield><subfield code="b">J.D. Reymert &amp; Co.</subfield></datafield><datafield ind1=" " ind2=" " tag="300"><subfield code="a">v. ;</subfield><subfield code="c">56 cm.</subfield></datafield><datafield ind1=" " ind2=" " tag="310"><subfield code="a">Weekly</subfield></datafield><datafield ind1="1" ind2=" " tag="362"><subfield code="a">Began in Dec. 1860; ceased in Dec. 1861.</subfield><subfield code="z">Cf. Gregory, W. Amer. newspapers.</subfield></datafield><datafield ind1=" " ind2=" " tag="588"><subfield code="a">Description based on: Vol. 1, no. 46 (Oct. 19, 1861).</subfield></datafield><datafield ind1=" " ind2=" " tag="752"><subfield code="a">United States</subfield><subfield code="b">Wisconsin</subfield><subfield code="c">Polk</subfield><subfield code="d">St. Croix Falls.</subfield></datafield><datafield ind1="0" ind2="0" tag="785"><subfield code="t">Polk County press</subfield><subfield code="w">(DLC)sn 85040122</subfield></datafield><datafield ind1="1" ind2=" " tag="029"><subfield code="a">AU@</subfield><subfield code="b">000025799380</subfield></datafield></record>